

@article{Bode:99,
  title     = "Fast computation of analytical second derivatives with effective
               core potentials: {A}pplication to {Si$_8$C$_{12}$}, {Ge$_8$C$_{12}$}, and {Sn$_8$C$_{12}$}",
  author    = "Bode, B. M. and Gordon, M. S.",
  journal   = "J. Chem. Phys.",
  volume    =  111,
  number    =  19,
  pages     = "8778",
  year      =  1999,
  doi       = {10.1063/1.480225},
}


@article{Breidung:88,
    title = {Analytical second derivatives for effective core potentials},
    journal = {Chem. Phys. Lett.},
    volume = {153},
    number = {1},
    pages = {76-81},
    year = {1988},
    doi = {10.1016/0009-2614(88)80135-0},
    author = {J. Breidung and W. Thiel and A. Komornicki},
}


@article{Cui:96,
  title     = "Analytical second derivatives for effective core potential.
               {A}pplication to transition structures of {Cp$_2$Ru$_2$($\mu$-H)$_4$} and
               to the mechanism of reaction {Cu} + {CH$_2$N$_2$}",
  author    = "Cui, Q. and Musaev, D. G. and Svensson, M. and Morokuma, K.",
  journal   = "J. Phys. Chem.",
  volume    =  100,
  number    =  26,
  pages     = "10936",
  year      =  1996,
  doi = {10.1021/jp960554h},
}


@article{Dolg:11,
  title = {Relativistic pseudopotentials: their development and scope of applications},
  volume = {112},
  DOI = {10.1021/cr2001383},
  number = {1},
  journal = {Chem. Rev.},
  author = {Dolg, M. and Cao, X.},
  year = {2011},
  pages = {403}
}


@article{Flambaum:19,
  title = {Sensitivity of the isotope shift to the distribution of nuclear charge density},
  author = {Flambaum, V. V. and Dzuba, V. A.},
  journal = {Phys.~Rev.~A},
  volume = {100},
  issue = {3},
  pages = {032511},
  numpages = {6},
  year = {2019},
  doi = {10.1103/PhysRevA.100.032511},
}


@article{FloresMoreno:06,
  title = {Half‐numerical evaluation of pseudopotential integrals},
  volume = {27},
  DOI = {10.1002/jcc.20410},
  number = {9},
  journal = {J. Comput. Chem.},
  author = {{Flores‐Moreno}, R. and {Alvarez‐Mendez}, R. J. and Vela,  A. and K\"{o}ster,  A. M.},
  year = {2006},
  pages = {1009}
}


@article{Gao:10,
  title = {{GEN1INT}: {A} unified procedure for the evaluation of one‐electron integrals over {G}aussian basis functions and their geometric derivatives},
  volume = {111},
  DOI = {10.1002/qua.22886},
  number = {4},
  journal = {Int. J. Quantum Chem.},
  author = {Gao,  B. and Thorvaldsen,  A. J. and Ruud,  K.},
  year = {2010},
  pages = {858}
}


@Misc{GRPP_website,
  note   = {Generalized relativistic pseudopotentials (see \url{http://qchem.pnpi.spb.ru/recp})},
}


@book{Helgaker:00,
  title = {{Molecular Electronic‐Structure Theory}},
  ISBN = {9781119019572},
  DOI = {10.1002/9781119019572},
  publisher = {Wiley},
  author = {Helgaker,  T. and Jørgensen,  P. and Olsen,  J.},
  year = {2000},
}


@article{Jensen:93,
  title = {Evaluation of one‐electron integrals for arbitrary operators {$V(r)$} over {C}artesian {G}aussians: application to inverse‐square distance and {Y}ukawa operators},
  volume = {14},
  DOI = {10.1002/jcc.540140814},
  number = {8},
  journal = {J. Comput. Chem.},
  author = {Jensen,  J. O. and Carrieri,  A. H. and Vlahacos,  C. P. and Zeroka,  D. and Hameka,  H. F. and Merrow,  C. N.},
  year = {1993},
  pages = {986}
}


@article{Lomachuk:20,
  title = {Compound-tunable embedding potential: which oxidation state of uranium and thorium as point defects in xenotime is favorable?},
  volume = {22},
  DOI = {10.1039/d0cp02277b},
  number = {32},
  journal = {Phys. Chem. Chem. Phys.},
  author = {Lomachuk, Y. V. and Maltsev, D. A. and Mosyagin, N. S. and Skripnikov,  L. V. and Bogdanov,  R. V. and Titov,  A. V.},
  year = {2020},
  pages = {17922}
}


@article{Maltsev:21,
  title = {Compound-tunable embedding potential method and its application to calcium niobate crystal {${\mathrm{CaNb}}_{2}{\mathrm{O}}_{6}$} with point defects containing tantalum and uranium},
  author = {Maltsev, D. A. and Lomachuk, Yu. V. and Shakhova, V. M. and Mosyagin, N. S. and Skripnikov, L. V. and Titov, A. V.},
  journal = {Phys.~Rev.~B},
  volume = {103},
  issue = {20},
  pages = {205105},
  numpages = {13},
  year = {2021},
  doi = {10.1103/PhysRevB.103.205105},
}


@article{McKenzie:18,
  title = {Efficient method for calculating effective core potential integrals},
  volume = {122},
  DOI = {10.1021/acs.jpca.7b12679},
  number = {11},
  journal = {J.~Phys. Chem.~A},
  author = {{McKenzie},  S. C. and Epifanovsky,  E. and Barca,  G. M. J. and Gilbert,  A. T. B. and Gill,  P. M. W.},
  year = {2018},
  pages = {3066}
}


@phdthesis{McKenzie:PhD:20,
    title        = {Efficient computation of integrals in modern correlated methods},
    author       = {S. C. McKenzie},
    year         = {2020},
    school       = {Faculty of Science, University of Sydney},
    type         = {{PhD thesis}}
}


@article{McMurchie:78,
  title = {One- and two-electron integrals over {C}artesian {G}aussian functions},
  volume = {26},
  DOI = {10.1016/0021-9991(78)90092-x},
  number = {2},
  journal = {J. Comput. Phys.},
  author = {{McMurchie},  L. E. and Davidson,  E. R.},
  year = {1978},
  pages = {218}
}


@article{McMurchie:PP:81,
  title = {Calculation of integrals over \textit{ab initio} pseudopotentials},
  volume = {44},
  DOI = {10.1016/0021-9991(81)90053-x},
  number = {2},
  journal = {J. Comput. Phys.},
  author = {{McMurchie},  L. E. and Davidson,  E. R.},
  year = {1981},
  pages = {289}
}


@article{Mitin:06,
  title = {Two-component relativistic density-functional calculations of the dimers of the halogens from bromine through element 117 using effective core potential and all-electron methods},
  volume = {124},
  DOI = {10.1063/1.2165175},
  number = {6},
  journal = {J. Chem. Phys.},
  author = {Mitin, A. V. and van W\"{u}llen, C.},
  year = {2006},
  pages = {064305},
}


@article{Mosyagin:97,
  title = {Generalized relativistic effective core potential: {G}aussian expansions of potentials and pseudospinors for atoms {Hg} through {Rn}},
  volume = {63},
  DOI = {10.1002/(sici)1097-461x(1997)63:6<1107::aid-qua4>3.0.co;2-0},
  number = {6},
  journal = {Int. J. Quantum Chem.},
  author = {Mosyagin,  N. S. and Titov,  A. V. and Latajka,  Z.},
  year = {1997},
  pages = {1107}
}


@inbook{Mosyagin:06,
  title = {Generalized {RECP} accounting for {B}reit effects: uranium, plutonium and superheavy elements 112, 113, 114},
  DOI = {10.1007/1-4020-4528-x_11},
  booktitle = {Progress in Theoretical Chemistry and Physics},
  publisher = {Springer Netherlands},
  author = {Mosyagin,  N. S. and Petrov,  A. N. and Titov,  A. V. and Tupitsyn,  I. I.},
  year = {2006},
  pages = {229}
}


@article{Mosyagin:20,
    author = {Mosyagin, N. S. and Zaitsevskii, A. V. and Titov, A. V.},
title = {Generalized relativistic effective core potentials for superheavy elements},
    journal = {Int. J. Quantum Chem.},
    volume = {120},
    number = {2},
    pages = {e26076},
    doi = {10.1002/qua.26076},
    year = {2020},
}


@article{Oleynichenko:LIBGRPP:23,
  title = {{LIBGRPP}: {A} library for the evaluation of molecular integrals of the generalized relativistic pseudopotential operator over {G}aussian functions},
  volume = {15},
  DOI = {10.3390/sym15010197},
  number = {1},
  journal = {Symmetry},
  author = {Oleynichenko, A. V. and Zaitsevskii, A. and Mosyagin, N. S. and Petrov, A. N. and Eliav, E. and Titov, A. V.},
  year = {2023},
  pages = {197}
}


@article{Park:12,
	author = {Park, Y.-C. and Lim, I. and Lee, Y.},
	year = {2012},
	pages = {803},
	title = {Two-component spin-orbit effective core potential calculations with an all-electron relativistic program {DIRAC}},
	volume = {33},
	journal = {Bull. Korean Chem. Soc.},
	doi = {10.5012/bkcs.2012.33.3.803}
}


@article{Parpia:92,
  doi = {10.1103/physreva.46.3735},
  year = {1992},
  volume = {46},
  number = {7},
  pages = {3735},
  author = {F. A. Parpia and A. K. Mohanty},
  title = {Relativistic basis-set calculations for atoms with {F}ermi nuclei},
  journal = {Phys. Rev. A},
}


@article{Petrov:04,
  title = {Accounting for the {B}reit interaction in relativistic effective core potential calculations of actinides},
  volume = {37},
  DOI = {10.1088/0953-4075/37/23/004},
  number = {23},
  journal = {J. Phys. B: At. Mol. Opt. Phys.},
  author = {Petrov,  A. N. and Mosyagin,  N. S. and Titov,  A. V. and Tupitsyn,  I. I.},
  year = {2004},
  pages = {4621}
}


@article{Pitzer:91,
  title = {Spin‐orbit (core) and core potential integrals},
  volume = {40},
  DOI = {10.1002/qua.560400606},
  number = {6},
  journal = {Int. J. Quantum Chem.},
  author = {Pitzer,  R. M. and Winter,  N. W.},
  year = {1991},
  pages = {773}
}


@article{Russo:95,
    author = {Russo, T. V. and Martin, R. L. and Hay, P. J. and Rappe, A. K.},
    title = {Vibrational frequencies of transition metal chloride and oxo compounds using effective core potential analytic second derivatives},
    journal = {J. Chem. Phys.},
    volume = {102},
    number = {23},
    pages = {9315},
    year = {1995},
    doi = {10.1063/1.468798},
}


@article{Saue:20,
	author = {Saue, T. and Bast, R. and Gomes, A. S. P. and Jensen, H. J. {Aa}. and Visscher, L. and Aucar, I. A. and R. {Di Remigio} and K. G. Dyall and E. Eliav and E. Fasshauer and T. Fleig and L. Halbert and E. D. Hedeg\r{a}rd and B. {Helmich-Paris} and M. Ilia\v{s} and C. R. Jacob and S. Knecht and J. K. Laerdahl and M. L. Vidal and M. K. Nayak and M. Olejniczak and J. M. H. Olsen and M. Pernpointner and B. Senjean and A. Shee and A. Sunaga and J. N. P. {van Stralen}},
	doi = {10.1063/5.0004844},
	journal = {{J}.\ {C}hem.\ {P}hys.},
	number = {20},
	pages = {204104},
	title = {The {DIRAC} code for relativistic molecular calculations},
	volume = {152},
	year = {2020},
}


@article{Shabaev:13,
  title = {Model operator approach to the {L}amb shift calculations in relativistic many-electron atoms},
  author = {Shabaev, V. M. and Tupitsyn, I. I. and Yerokhin, V. A.},
  journal = {Phys.~Rev.~A},
  volume = {88},
  issue = {1},
  pages = {012513},
  numpages = {11},
  year = {2013},
  doi = {10.1103/PhysRevA.88.012513},
}


@article{Shakhova:22,
  title = {Compound-tunable embedding potential method: analysis of pseudopotentials for {Yb} in {YbF}$_2$,  {YbF}$_3$,  {YbCl}$_2$ and {YbCl}$_3$ crystals},
  volume = {24},
  DOI = {10.1039/d2cp01738e},
  number = {32},
  journal = {Phys. Chem. Chem. Phys.},
  author = {Shakhova,  V. M. and Maltsev,  D. A. and Lomachuk,  Y. V. and Mosyagin,  N. S. and Skripnikov,  L. V. and Titov,  A. V.},
  year = {2022},
  pages = {19333}
}


@article{Shaw:17,
  title = {Prescreening and efficiency in the evaluation of integrals over ab initio effective core potentials},
  volume = {147},
  DOI = {10.1063/1.4986887},
  number = {7},
  journal = {J. Chem. Phys.},
  author = {Shaw,  R. A. and Hill,  J. G.},
  year = {2017},
  pages = {074108},
}


@article{Shaw:21,
  title = {{libecpint}: {A} {C}++ library for  the efficient evaluation of integrals over effective core potentials},
  volume = {6},
  DOI = {10.21105/joss.03039},
  number = {60},
  journal = {J. Open Source Softw.},
  author = {Shaw, R. and Hill, J.},
  year = {2021},
  pages = {3039}
}


@article{Skylaris:98,
  title = {An efficient method for calculating effective core potential integrals which involve projection operators},
  volume = {296},
  DOI = {10.1016/s0009-2614(98)01077-x},
  number = {5–6},
  journal = {Chem. Phys. Lett.},
  author = {Skylaris,  C.-K. and Gagliardi,  L. and Handy,  N. C. and Ioannou,  A. G. and Spencer,  S. and Willetts,  A. and Simper,  A. M.},
  year = {1998},
  pages = {445}
}


@article{Song:15,
    author = {Song, C. and Wang, L.-P. and Sachse, T. and Preiss, J. and Presselt, M. and Martinez, T. J.},
    title = {Efficient implementation of effective core potential integrals and gradients on graphical processing units},
    journal = {J. Chem. Phys.},
    volume = {143},
    number = {1},
    pages = {014114},
    year = {2015},
    doi = {10.1063/1.4922844},
}


@article{Titov:91,
  title = {Effective core potential for pseudo-orbitals with nodes},
  volume = {185},
  DOI = {10.1016/s0009-2614(91)85069-9},
  number = {3–4},
  journal = {Chem. Phys. Lett.},
  author = {Titov, A. V. and Mitrushenkov, A. O. and Tupitsyn, I. I.},
  year = {1991},
  pages = {330}
}


@article{Titov:99,
  title = {Generalized relativistic effective core potential: Theoretical grounds},
  volume = {71},
  DOI = {10.1002/(sici)1097-461x(1999)71:5<359::aid-qua1>3.0.co;2-u},
  number = {5},
  journal = {Int. J. Quantum Chem.},
  author = {Titov,  A. V. and Mosyagin,  N. S.},
  year = {1999},
  pages = {359}
}


@article{Visscher:97,
  doi = {10.1006/adnd.1997.0751},
  year = {1997},
  volume = {67},
  number = {2},
  pages = {207},
  author = {L. Visscher and K. G. Dyall},
  title = {Dirac-{F}ock atomic electronic structure calculations using different nuclear charge distributions},
  journal = {At. Data Nucl. Data Tables},
}


@article{Wullen:05,
  title = {Numerical instabilities in the computation of pseudopotential matrix elements},
  volume = {27},
  DOI = {10.1002/jcc.20325},
  number = {2},
  journal = {J. Comput. Chem.},
  author = {{van W\"{u}llen},  C.},
  year = {2005},
  pages = {135}
}


@incollection{Wuellen:10,
  doi = {10.1524/9783486711639.123},
  year = {2010},
  publisher = {Oldenbourg Wissenschaftsverlag {GmbH}},
  pages = {123--136},
  author = {C. {van W\"{u}llen}},
  title = {A quasirelativistic two-component density Functional and {H}artree-{F}ock program},
  booktitle = {Progress in Physical Chemistry Volume 3}
}


@article{Zaitsevskii:QED:22,
  title = {Generalized relativistic small‐core pseudopotentials accounting for quantum electrodynamic effects: {C}onstruction and pilot applications},
  volume = {123},
  DOI = {10.1002/qua.27077},
  number = {8},
  journal = {Int. J. Quantum Chem.},
  author = {Zaitsevskii,  A. and Mosyagin,  N. S. and Oleynichenko,  A. V. and Eliav,  E.},
  year = {2022},
  pages = {e27077}
}

